%% This BibTeX bibliography file was created using BibDesk.
%% http://bibdesk.sourceforge.net/


%% Created for Kiko Fernandez Reyes at 2017-05-19 09:06:35 +0200


%% Saved with string encoding Unicode (UTF-8)

@inproceedings{DBLP:conf/oopsla/ClebschD13,
  author =       {Sylvan Clebsch and Sophia Drossopoulou},
  title =        {Fully concurrent garbage collection of actors on many-core
                  machines},
  booktitle =    {Proceedings of the 2013 {ACM} {SIGPLAN} International
                  Conference on Object Oriented Programming Systems Languages
                  {\&} Applications, {OOPSLA} 2013, part of {SPLASH} 2013,
                  Indianapolis, IN, USA, October 26-31, 2013},
  pages =        {553--570},
  year =         2013,
  crossref =     {DBLP:conf/oopsla/2013},
  url =          {http://doi.acm.org/10.1145/2509136.2509557},
  doi =          {10.1145/2509136.2509557},
  timestamp =    {Fri, 25 Oct 2013 08:46:39 +0200},
  biburl =       {http://dblp.uni-trier.de/rec/bib/conf/oopsla/ClebschD13},
  bibsource =    {dblp computer science bibliography, http://dblp.org}
}

@inproceedings{DBLP:conf/oopsla/PylaRV11,
  author =       {Hari K. Pyla and Calvin J. Ribbens and Srinidhi Varadarajan},
  title =        {Exploiting coarse-grain speculative parallelism},
  booktitle =    {Proceedings of the 26th Annual {ACM} {SIGPLAN} Conference on
                  Object-Oriented Programming, Systems, Languages, and
                  Applications, {OOPSLA} 2011, part of {SPLASH} 2011, Portland,
                  OR, USA, October 22 - 27, 2011},
  pages =        {555--574},
  year =         2011,
  crossref =     {DBLP:conf/oopsla/2011},
  url =          {http://doi.acm.org/10.1145/2048066.2048110},
  doi =          {10.1145/2048066.2048110},
  timestamp =    {Tue, 25 Oct 2011 20:48:58 +0200},
  biburl =       {http://dblp.uni-trier.de/rec/bib/conf/oopsla/PylaRV11},
  bibsource =    {dblp computer science bibliography, http://dblp.org}
}

@mastersthesis{encore:part:soundness,
  Author =       {Daniel McCain},
  Date-Added =   {2017-05-19 07:05:52 +0000},
  Date-Modified ={2017-05-19 07:05:52 +0000},
  School =       {Uppsala University},
  Title =        {Parallel Combinators for the {E}ncore Programming Language},
  Year =         2016
}

@book{Pierce:2004:ATT:1076265,
  Author =       {Pierce, Benjamin C.},
  Isbn =         0262162288,
  Publisher =    {The MIT Press},
  Title =        {Advanced Topics in Types and Programming Languages},
  Year =         2004
}

@article{DBLP:journals/iandc/WrightF94,
  Author =       {Andrew K. Wright and Matthias Felleisen},
  Bibsource =    {dblp computer science bibliography, http://dblp.org},
  Biburl =       {http://dblp.uni-trier.de/rec/bib/journals/iandc/WrightF94},
  Date-Added =   {2017-05-16 14:56:48 +0000},
  Date-Modified ={2017-05-16 14:56:48 +0000},
  Doi =          {10.1006/inco.1994.1093},
  Journal =      {Inf. Comput.},
  Number =       1,
  Pages =        {38--94},
  Timestamp =    {Wed, 06 Jul 2011 21:23:56 +0200},
  Title =        {A Syntactic Approach to Type Soundness},
  Url =          {http://dx.doi.org/10.1006/inco.1994.1093},
  Volume =       115,
  Year =         1994,
  Bdsk-Url-1 =   {http://dx.doi.org/10.1006/inco.1994.1093}
}

@article{DBLP:journals/corr/AndersonBHMMGMS15,
  author =       {Brian Anderson and Lars Bergstrom and David Herman and Josh
                  Matthews and Keegan McAllister and Manish Goregaokar and Jack
                  Moffitt and Simon Sapin},
  title =        {Experience Report: Developing the Servo Web Browser Engine
                  using Rust},
  journal =      {CoRR},
  volume =       {abs/1505.07383},
  year =         2015,
  url =          {http://arxiv.org/abs/1505.07383},
  timestamp =    {Mon, 01 Jun 2015 14:13:54 +0200},
  biburl =
                  {http://dblp.uni-trier.de/rec/bib/journals/corr/AndersonBHMMGMS15},
  bibsource =    {dblp computer science bibliography, http://dblp.org}
}

@inproceedings{DBLP:conf/sfm/BrandauerCCFJPT15,
  author =       {Stephan Brandauer and Elias Castegren and Dave Clarke and Kiko
                  Fernandez{-}Reyes and Einar Broch Johnsen and Ka I Pun and
                  Silvia Lizeth Tapia Tarifa and Tobias Wrigstad and Albert
                  Mingkun Yang},
  title =        {Parallel Objects for Multicores: {A} Glimpse at the Parallel
                  Language Encore},
  booktitle =    {Formal Methods for Multicore Programming - 15th International
                  School on Formal Methods for the Design of Computer,
                  Communication, and Software Systems, {SFM} 2015, Bertinoro,
                  Italy, June 15-19, 2015, Advanced Lectures},
  pages =        {1--56},
  year =         2015,
  crossref =     {DBLP:conf/sfm/2015},
  url =          {http://dx.doi.org/10.1007/978-3-319-18941-3_1},
  doi =          {10.1007/978-3-319-18941-3_1},
  timestamp =    {Wed, 18 Nov 2015 21:25:46 +0100},
  biburl =       {http://dblp.uni-trier.de/rec/bib/conf/sfm/BrandauerCCFJPT15},
  bibsource =    {dblp computer science bibliography, http://dblp.org}
}

@inproceedings{DBLP:conf/cc/KusumNG16,
  author =       {Amlan Kusum and Iulian Neamtiu and Rajiv Gupta},
  title =        {Safe and flexible adaptation via alternate data structure
                  representations},
  booktitle =    {Proceedings of the 25th International Conference on Compiler
                  Construction, {CC} 2016, Barcelona, Spain, March 12-18, 2016},
  pages =        {34--44},
  year =         2016,
  crossref =     {DBLP:conf/cc/2016},
  url =          {http://doi.acm.org/10.1145/2892208.2892220},
  doi =          {10.1145/2892208.2892220},
  timestamp =    {Wed, 09 Mar 2016 08:14:03 +0100},
  biburl =       {http://dblp.uni-trier.de/rec/bib/conf/cc/KusumNG16},
  bibsource =    {dblp computer science bibliography, http://dblp.org}
}

@inproceedings{DBLP:conf/agere/ClebschDBM15,
  Author =       {Sylvan Clebsch and Sophia Drossopoulou and Sebastian Blessing
                  and Andy McNeil},
  Bibsource =    {dblp computer science bibliography, http://dblp.org},
  Biburl =       {http://dblp.uni-trier.de/rec/bib/conf/agere/ClebschDBM15},
  Booktitle =    {Proceedings of the 5th International Workshop on Programming
                  Based on Actors, Agents, and Decentralized Control, AGERE!
                  2015, Pittsburgh, PA, USA, October 26, 2015},
  Crossref =     {DBLP:conf/agere/2015},
  Doi =          {10.1145/2824815.2824816},
  Pages =        {1--12},
  Timestamp =    {Tue, 03 Nov 2015 15:32:34 +0100},
  Title =        {Deny capabilities for safe, fast actors},
  Url =          {http://doi.acm.org/10.1145/2824815.2824816},
  Year =         2015,
  Bdsk-Url-1 =   {http://doi.acm.org/10.1145/2824815.2824816},
  Bdsk-Url-2 =   {http://dx.doi.org/10.1145/2824815.2824816}
}

@INPROCEEDINGS{Wadler90lineartypes,
  author =       {Philip Wadler},
  title =        {Linear Types Can Change the World!},
  booktitle =    {PROGRAMMING CONCEPTS AND METHODS},
  year =         1990,
  publisher =    {North}
}

@inproceedings{DBLP:conf/esop/Odersky92,
  author =       {Martin Odersky},
  title =        {Observers for Linear Types},
  booktitle =    {{ESOP} '92, 4th European Symposium on Programming, Rennes,
                  France, February 26-28, 1992, Proceedings},
  pages =        {390--407},
  year =         1992,
  crossref =     {DBLP:conf/esop/1992},
  url =          {http://dx.doi.org/10.1007/3-540-55253-7_23},
  doi =          {10.1007/3-540-55253-7_23},
  timestamp =    {Sun, 20 Sep 2009 17:11:25 +0200},
  biburl =       {http://dblp.uni-trier.de/rec/bib/conf/esop/Odersky92},
  bibsource =    {dblp computer science bibliography, http://dblp.org}
}

@inproceedings{DBLP:conf/oopsla/GordonPPBD12,
  Author =       {Colin S. Gordon and Matthew J. Parkinson and Jared Parsons and
                  Aleks Bromfield and Joe Duffy},
  Bibsource =    {dblp computer science bibliography, http://dblp.org},
  Biburl =       {http://dblp.uni-trier.de/rec/bib/conf/oopsla/GordonPPBD12},
  Booktitle =    {Proceedings of the 27th Annual {ACM} {SIGPLAN} Conference on
                  Object-Oriented Programming, Systems, Languages, and
                  Applications, {OOPSLA} 2012, part of {SPLASH} 2012, Tucson,
                  AZ, USA, October 21-25, 2012},
  Crossref =     {DBLP:conf/oopsla/2012},
  Doi =          {10.1145/2384616.2384619},
  Pages =        {21--40},
  Timestamp =    {Tue, 23 Oct 2012 08:56:35 +0200},
  Title =        {Uniqueness and reference immutability for safe parallelism},
  Url =          {http://doi.acm.org/10.1145/2384616.2384619},
  Year =         2012,
  Bdsk-Url-1 =   {http://doi.acm.org/10.1145/2384616.2384619},
  Bdsk-Url-2 =   {http://dx.doi.org/10.1145/2384616.2384619}
}

@inproceedings{DBLP:conf/pldi/PrabhuRV10,
  Author =       {Prakash Prabhu and Ganesan Ramalingam and Kapil Vaswani},
  Bibsource =    {dblp computer science bibliography, http://dblp.org},
  Biburl =       {http://dblp.uni-trier.de/rec/bib/conf/pldi/PrabhuRV10},
  Booktitle =    {Proceedings of the 2010 {ACM} {SIGPLAN} Conference on
                  Programming Language Design and Implementation, {PLDI} 2010,
                  Toronto, Ontario, Canada, June 5-10, 2010},
  Crossref =     {DBLP:conf/pldi/2010},
  Doi =          {10.1145/1806596.1806603},
  Pages =        {50--61},
  Timestamp =    {Mon, 07 Jun 2010 09:41:55 +0200},
  Title =        {Safe programmable speculative parallelism},
  Url =          {http://doi.acm.org/10.1145/1806596.1806603},
  Year =         2010,
  Bdsk-Url-1 =   {http://doi.acm.org/10.1145/1806596.1806603},
  Bdsk-Url-2 =   {http://dx.doi.org/10.1145/1806596.1806603}
}

@proceedings{DBLP:conf/pldi/1998,
  Bibsource =    {dblp computer science bibliography, http://dblp.org},
  Biburl =       {http://dblp.uni-trier.de/rec/bib/conf/pldi/1998},
  Date-Added =   {2017-05-16 11:26:14 +0000},
  Date-Modified ={2017-05-16 11:26:14 +0000},
  Editor =       {Jack W. Davidson and Keith D. Cooper and A. Michael Berman},
  Isbn =         {0-89791-987-4},
  Publisher =    {{ACM}},
  Timestamp =    {Mon, 21 May 2012 16:19:53 +0200},
  Title =        {Proceedings of the {ACM} {SIGPLAN} '98 Conference on
                  Programming Language Design and Implementation (PLDI),
                  Montreal, Canada, June 17-19, 1998},
  Url =          {http://dl.acm.org/citation.cfm?id=277650},
  Year =         1998,
  Bdsk-Url-1 =   {http://dl.acm.org/citation.cfm?id=277650}
}

@inproceedings{DBLP:conf/pldi/FrigoLR98,
  Author =       {Matteo Frigo and Charles E. Leiserson and Keith H. Randall},
  Bibsource =    {dblp computer science bibliography, http://dblp.org},
  Biburl =       {http://dblp.uni-trier.de/rec/bib/conf/pldi/FrigoLR98},
  Booktitle =    {Proceedings of the {ACM} {SIGPLAN} '98 Conference on
                  Programming Language Design and Implementation (PLDI),
                  Montreal, Canada, June 17-19, 1998},
  Crossref =     {DBLP:conf/pldi/1998},
  Date-Added =   {2017-05-16 11:25:53 +0000},
  Date-Modified ={2017-05-16 11:25:53 +0000},
  Doi =          {10.1145/277650.277725},
  Pages =        {212--223},
  Timestamp =    {Mon, 21 May 2012 16:19:53 +0200},
  Title =        {The Implementation of the {C}ilk-5 Multithreaded Language},
  Url =          {http://doi.acm.org/10.1145/277650.277725},
  Year =         1998,
  Bdsk-Url-1 =   {http://doi.acm.org/10.1145/277650.277725},
  Bdsk-Url-2 =   {http://dx.doi.org/10.1145/277650.277725}
}

@inproceedings{DBLP:conf/lics/GuzmanH90,
  Author =       {Juan C. Guzm{\'{a}}n and Paul Hudak},
  Bibsource =    {dblp computer science bibliography, http://dblp.org},
  Biburl =       {http://dblp.uni-trier.de/rec/bib/conf/lics/GuzmanH90},
  Booktitle =    {Proceedings of the Fifth Annual Symposium on Logic in Computer
                  Science {(LICS} '90), Philadelphia, Pennsylvania, USA, June
                  4-7, 1990},
  Crossref =     {DBLP:conf/lics/1990},
  Doi =          {10.1109/LICS.1990.113759},
  Pages =        {333--343},
  Timestamp =    {Thu, 22 Jan 2015 09:22:26 +0100},
  Title =        {Single-Threaded Polymorphic Lambda Calculus},
  Url =          {http://dx.doi.org/10.1109/LICS.1990.113759},
  Year =         1990,
  Bdsk-Url-1 =   {http://dx.doi.org/10.1109/LICS.1990.113759}
}

@inproceedings{DBLP:conf/popl/TovP11,
  Author =       {Jesse A. Tov and Riccardo Pucella},
  Bibsource =    {dblp computer science bibliography, http://dblp.org},
  Biburl =       {http://dblp.uni-trier.de/rec/bib/conf/popl/TovP11},
  Booktitle =    {Proceedings of the 38th {ACM} {SIGPLAN-SIGACT} Symposium on
                  Principles of Programming Languages, {POPL} 2011, Austin, TX,
                  USA, January 26-28, 2011},
  Crossref =     {DBLP:conf/popl/2011},
  Doi =          {10.1145/1926385.1926436},
  Pages =        {447--458},
  Timestamp =    {Tue, 22 May 2012 15:24:56 +0200},
  Title =        {Practical affine types},
  Url =          {http://doi.acm.org/10.1145/1926385.1926436},
  Year =         2011,
  Bdsk-Url-1 =   {http://doi.acm.org/10.1145/1926385.1926436},
  Bdsk-Url-2 =   {http://dx.doi.org/10.1145/1926385.1926436}
}

@inproceedings{DBLP:conf/coordination/Fernandez-Reyes16,
  Author =       {Kiko Fernandez{-}Reyes and Dave Clarke and Daniel S. McCain},
  Bibsource =    {dblp computer science bibliography, http://dblp.org},
  Biburl =
                  {http://dblp.uni-trier.de/rec/bib/conf/coordination/Fernandez-Reyes16},
  Booktitle =    {Coordination Models and Languages - 18th {IFIP} {WG} 6.1
                  International Conference, {COORDINATION} 2016, Held as Part of
                  the 11th International Federated Conference on Distributed
                  Computing Techniques, DisCoTec 2016, Heraklion, Crete, Greece,
                  June 6-9, 2016, Proceedings},
  Crossref =     {DBLP:conf/coordination/2016},
  Doi =          {10.1007/978-3-319-39519-7_7},
  Pages =        {101--120},
  Timestamp =    {Tue, 21 Jun 2016 17:34:38 +0200},
  Title =        {ParT: An Asynchronous Parallel Abstraction for Speculative
                  Pipeline Computations},
  Url =          {http://dx.doi.org/10.1007/978-3-319-39519-7_7},
  Year =         2016,
  Bdsk-Url-1 =   {http://dx.doi.org/10.1007/978-3-319-39519-7_7}
}

@proceedings{DBLP:conf/popl/2011,
  Bibsource =    {dblp computer science bibliography, http://dblp.org},
  Biburl =       {http://dblp.uni-trier.de/rec/bib/conf/popl/2011},
  Editor =       {Thomas Ball and Mooly Sagiv},
  Isbn =         {978-1-4503-0490-0},
  Publisher =    {{ACM}},
  Timestamp =    {Tue, 22 May 2012 15:24:56 +0200},
  Title =        {Proceedings of the 38th {ACM} {SIGPLAN-SIGACT} Symposium on
                  Principles of Programming Languages, {POPL} 2011, Austin, TX,
                  USA, January 26-28, 2011},
  Url =          {http://dl.acm.org/citation.cfm?id=1926385},
  Year =         2011,
  Bdsk-Url-1 =   {http://dl.acm.org/citation.cfm?id=1926385}
}

@proceedings{DBLP:conf/coordination/2016,
  Bibsource =    {dblp computer science bibliography, http://dblp.org},
  Biburl =       {http://dblp.uni-trier.de/rec/bib/conf/coordination/2016},
  Doi =          {10.1007/978-3-319-39519-7},
  Editor =       {Alberto Lluch{-}Lafuente and Jos{\'{e}} Proen{\c{c}}a},
  Isbn =         {978-3-319-39518-0},
  Publisher =    {Springer},
  Series =       {Lecture Notes in Computer Science},
  Timestamp =    {Tue, 21 Jun 2016 17:34:38 +0200},
  Title =        {Coordination Models and Languages - 18th {IFIP} {WG} 6.1
                  International Conference, {COORDINATION} 2016, Held as Part of
                  the 11th International Federated Conference on Distributed
                  Computing Techniques, DisCoTec 2016, Heraklion, Crete, Greece,
                  June 6-9, 2016, Proceedings},
  Url =          {http://dx.doi.org/10.1007/978-3-319-39519-7},
  Volume =       9686,
  Year =         2016,
  Bdsk-Url-1 =   {http://dx.doi.org/10.1007/978-3-319-39519-7}
}

@proceedings{DBLP:conf/ecoop/2015,
  Bibsource =    {dblp computer science bibliography, http://dblp.org},
  Biburl =       {http://dblp.uni-trier.de/rec/bib/conf/ecoop/2015},
  Date-Added =   {2017-04-07 06:41:31 +0000},
  Date-Modified ={2017-04-07 06:41:31 +0000},
  Editor =       {John Tang Boyland},
  Isbn =         {978-3-939897-86-6},
  Publisher =    {Schloss Dagstuhl - Leibniz-Zentrum fuer Informatik},
  Series =       {LIPIcs},
  Timestamp =    {Mon, 29 Jun 2015 15:27:23 +0200},
  Title =        {29th European Conference on Object-Oriented Programming,
                  {ECOOP} 2015, July 5-10, 2015, Prague, Czech Republic},
  Url =          {http://www.dagstuhl.de/dagpub/978-3-939897-86-6},
  Volume =       37,
  Year =         2015,
  Bdsk-Url-1 =   {http://www.dagstuhl.de/dagpub/978-3-939897-86-6}
}

@proceedings{DBLP:conf/ecoop/2012,
  Bibsource =    {dblp computer science bibliography, http://dblp.org},
  Biburl =       {http://dblp.uni-trier.de/rec/bib/conf/ecoop/2012},
  Date-Added =   {2017-04-07 06:40:59 +0000},
  Date-Modified ={2017-04-07 06:40:59 +0000},
  Doi =          {10.1007/978-3-642-31057-7},
  Editor =       {James Noble},
  Isbn =         {978-3-642-31056-0},
  Publisher =    {Springer},
  Series =       {Lecture Notes in Computer Science},
  Timestamp =    {Tue, 03 Jul 2012 13:07:32 +0200},
  Title =        {{ECOOP} 2012 - Object-Oriented Programming - 26th European
                  Conference, Beijing, China, June 11-16, 2012. Proceedings},
  Url =          {http://dx.doi.org/10.1007/978-3-642-31057-7},
  Volume =       7313,
  Year =         2012,
  Bdsk-Url-1 =   {http://dx.doi.org/10.1007/978-3-642-31057-7}
}

@proceedings{DBLP:conf/padl/2011,
  Bibsource =    {dblp computer science bibliography, http://dblp.org},
  Biburl =       {http://dblp.uni-trier.de/rec/bib/conf/padl/2011},
  Date-Added =   {2017-04-07 06:40:33 +0000},
  Date-Modified ={2017-04-07 06:40:33 +0000},
  Doi =          {10.1007/978-3-642-18378-2},
  Editor =       {Ricardo Rocha and John Launchbury},
  Isbn =         {978-3-642-18377-5},
  Publisher =    {Springer},
  Series =       {Lecture Notes in Computer Science},
  Timestamp =    {Tue, 15 Feb 2011 14:49:41 +0100},
  Title =        {Practical Aspects of Declarative Languages - 13th
                  International Symposium, {PADL} 2011, Austin, TX, USA, January
                  24-25, 2011. Proceedings},
  Url =          {http://dx.doi.org/10.1007/978-3-642-18378-2},
  Volume =       6539,
  Year =         2011,
  Bdsk-Url-1 =   {http://dx.doi.org/10.1007/978-3-642-18378-2}
}

@proceedings{DBLP:conf/osdi/2004,
  Bibsource =    {dblp computer science bibliography, http://dblp.org},
  Biburl =       {http://dblp.uni-trier.de/rec/bib/conf/osdi/2004},
  Date-Added =   {2017-04-07 06:39:52 +0000},
  Date-Modified ={2017-04-07 06:39:52 +0000},
  Editor =       {Eric A. Brewer and Peter Chen},
  Publisher =    {{USENIX} Association},
  Timestamp =    {Thu, 05 Jun 2014 16:55:04 +0200},
  Title =        {6th Symposium on Operating System Design and Implementation
                  {(OSDI} 2004), San Francisco, California, USA, December 6-8,
                  2004},
  Url =
                  {https://www.usenix.org/publications/proceedings/?f[0]=im_group_audience%3A167},
  Year =         2004,
  Bdsk-Url-1 =
                  {https://www.usenix.org/publications/proceedings/?f%5B0%5D=im_group_audience%3A167}
}

@article{DBLP:journals/tcs/Girard87,
  author =       {Jean{-}Yves Girard},
  title =        {Linear Logic},
  journal =      {Theor. Comput. Sci.},
  volume =       50,
  pages =        {1--102},
  year =         1987,
  url =          {https://doi.org/10.1016/0304-3975(87)90045-4},
  doi =          {10.1016/0304-3975(87)90045-4},
  timestamp =    {Sun, 28 May 2017 13:20:05 +0200},
  biburl =       {http://dblp.uni-trier.de/rec/bib/journals/tcs/Girard87},
  bibsource =    {dblp computer science bibliography, http://dblp.org}
}

@article{DBLP:journals/njc/Hofmann00,
  author =       {Martin Hofmann},
  title =        {A Type System for Bounded Space and Functional In-Place
                  Update},
  journal =      {Nord. J. Comput.},
  volume =       7,
  number =       4,
  pages =        {258--289},
  year =         2000,
  timestamp =    {Tue, 05 Nov 2013 17:32:56 +0100},
  biburl =       {http://dblp.uni-trier.de/rec/bib/journals/njc/Hofmann00},
  bibsource =    {dblp computer science bibliography, http://dblp.org}
}

@article{DBLP:journals/entcs/CamposB09,
  Author =       {Marco Devesas Campos and Lu{\'{\i}}s Soares Barbosa},
  Bibsource =    {dblp computer science bibliography, http://dblp.org},
  Biburl =       {http://dblp.uni-trier.de/rec/bib/journals/entcs/CamposB09},
  Date-Added =   {2017-04-07 06:38:17 +0000},
  Date-Modified ={2017-04-07 06:38:17 +0000},
  Doi =          {10.1016/j.entcs.2009.10.024},
  Journal =      {Electr. Notes Theor. Comput. Sci.},
  Pages =        {45--64},
  Timestamp =    {Tue, 17 Nov 2009 14:49:18 +0100},
  Title =        {Implementation of an Orchestration Language as a {H}askell
                  Domain Specific Language},
  Url =          {http://dx.doi.org/10.1016/j.entcs.2009.10.024},
  Volume =       255,
  Year =         2009,
  Bdsk-Url-1 =   {http://dx.doi.org/10.1016/j.entcs.2009.10.024}
}

@article{DBLP:journals/tc/Burton85,
  Author =       {F. Warren Burton},
  Bibsource =    {dblp computer science bibliography, http://dblp.org},
  Biburl =       {http://dblp.uni-trier.de/rec/bib/journals/tc/Burton85},
  Date-Added =   {2017-04-07 06:38:17 +0000},
  Date-Modified ={2017-04-07 06:38:17 +0000},
  Doi =          {10.1109/TC.1985.6312218},
  Journal =      {{IEEE} Trans. Computers},
  Number =       12,
  Pages =        {1190--1193},
  Timestamp =    {Tue, 22 Dec 2015 15:14:06 +0100},
  Title =        {Speculative Computation, Parallelism, and Functional
                  Programming},
  Url =          {http://dx.doi.org/10.1109/TC.1985.6312218},
  Volume =       34,
  Year =         1985,
  Bdsk-Url-1 =   {http://dx.doi.org/10.1109/TC.1985.6312218}
}

@book{java-concurrency-in-practice,
  Author =       {Tim Peierls and Brian Goetz and Joshua Bloch and Joseph
                  Bowbeer and Doug Lea and David Holmes},
  Date-Added =   {2017-04-07 06:38:17 +0000},
  Date-Modified ={2017-04-07 06:38:17 +0000},
  Publisher =    {Addison-Wesley Professional},
  Title =        {Java Concurrency in Practice},
  Year =         2005
}

@inproceedings{Kitchin:2006:LTO:2165483.2165526,
  Acmid =        2165526,
  Address =      {Berlin, Heidelberg},
  Author =       {Kitchin, David and Cook, William R. and Misra, Jayadev},
  Booktitle =    {Proceedings of the 17th International Conference on
                  Concurrency Theory},
  Date-Added =   {2017-04-07 06:38:17 +0000},
  Date-Modified ={2017-04-07 06:38:17 +0000},
  Doi =          {10.1007/11817949_32},
  Isbn =         {3-540-37376-4, 978-3-540-37376-6},
  Location =     {Bonn, Germany},
  Numpages =     15,
  Pages =        {477--491},
  Publisher =    {Springer-Verlag},
  Series =       {CONCUR'06},
  Title =        {A Language for Task Orchestration and Its Semantic Properties},
  Url =          {http://dx.doi.org/10.1007/11817949_32},
  Year =         2006,
  Bdsk-Url-1 =   {http://dx.doi.org/10.1007/11817949_32}
}

@inproceedings{Thoman:2013:AGC:2529818.2529842,
  Acmid =        2529842,
  Address =      {Berlin, Heidelberg},
  Author =       {Thoman, Peter and Jordan, Herbert and Fahringer, Thomas},
  Booktitle =    {Proceedings of the 19th International Conference on Parallel
                  Processing},
  Date-Added =   {2017-04-07 06:38:17 +0000},
  Date-Modified ={2017-04-07 06:38:17 +0000},
  Doi =          {10.1007/978-3-642-40047-6_19},
  Isbn =         {978-3-642-40046-9},
  Keywords =     {compiler, multiversioning, parallel computing, recursion,
                  runtime system, task parallelism},
  Location =     {Aachen, Germany},
  Numpages =     14,
  Pages =        {164--177},
  Publisher =    {Springer-Verlag},
  Series =       {Euro-Par'13},
  Title =        {Adaptive Granularity Control in Task Parallel Programs Using
                  Multiversioning},
  Url =          {http://dx.doi.org/10.1007/978-3-642-40047-6_19},
  Year =         2013,
  Bdsk-Url-1 =   {http://dx.doi.org/10.1007/978-3-642-40047-6_19}
}

@inproceedings{DBLP:conf/lcpc/ProkopecMSHO12,
  Author =       {Aleksandar Prokopec and Heather Miller and Tobias Schlatter
                  and Philipp Haller and Martin Odersky},
  Bibsource =    {dblp computer science bibliography, http://dblp.org},
  Biburl =       {http://dblp.uni-trier.de/rec/bib/conf/lcpc/ProkopecMSHO12},
  Booktitle =    {Languages and Compilers for Parallel Computing, 25th
                  International Workshop, {LCPC} 2012, Tokyo, Japan, September
                  11-13, 2012, Revised Selected Papers},
  Crossref =     {DBLP:conf/lcpc/2012},
  Date-Added =   {2017-04-07 06:38:17 +0000},
  Date-Modified ={2017-04-07 06:38:17 +0000},
  Doi =          {10.1007/978-3-642-37658-0_11},
  Pages =        {158--173},
  Timestamp =    {Tue, 07 May 2013 15:27:08 +0200},
  Title =        {FlowPools: {A} Lock-Free Deterministic Concurrent Dataflow
                  Abstraction},
  Url =          {http://dx.doi.org/10.1007/978-3-642-37658-0_11},
  Year =         2012,
  Bdsk-Url-1 =   {http://dx.doi.org/10.1007/978-3-642-37658-0_11}
}

@inproceedings{DBLP:conf/osdi/DeanG04,
  Author =       {Jeffrey Dean and Sanjay Ghemawat},
  Bibsource =    {dblp computer science bibliography, http://dblp.org},
  Biburl =       {http://dblp.uni-trier.de/rec/bib/conf/osdi/DeanG04},
  Booktitle =    {6th Symposium on Operating System Design and Implementation
                  {(OSDI} 2004), San Francisco, California, USA, December 6-8,
                  2004},
  Crossref =     {DBLP:conf/osdi/2004},
  Date-Added =   {2017-04-07 06:38:17 +0000},
  Date-Modified ={2017-04-07 06:38:17 +0000},
  Pages =        {137--150},
  Timestamp =    {Thu, 05 Jun 2014 16:55:04 +0200},
  Title =        {MapReduce: Simplified Data Processing on Large Clusters},
  Url =          {http://www.usenix.org/events/osdi04/tech/dean.html},
  Year =         2004,
  Bdsk-Url-1 =   {http://www.usenix.org/events/osdi04/tech/dean.html}
}

@inproceedings{DBLP:conf/ecoop/BiermanRMMT12,
  Author =       {Gavin M. Bierman and Claudio V. Russo and Geoffrey Mainland
                  and Erik Meijer and Mads Torgersen},
  Bibsource =    {dblp computer science bibliography, http://dblp.org},
  Biburl =       {http://dblp.uni-trier.de/rec/bib/conf/ecoop/BiermanRMMT12},
  Booktitle =    {{ECOOP} 2012 - Object-Oriented Programming - 26th European
                  Conference, Beijing, China, June 11-16, 2012. Proceedings},
  Crossref =     {DBLP:conf/ecoop/2012},
  Date-Added =   {2017-04-07 06:38:17 +0000},
  Date-Modified ={2017-04-07 06:38:17 +0000},
  Doi =          {10.1007/978-3-642-31057-7_12},
  Pages =        {233--257},
  Timestamp =    {Tue, 03 Jul 2012 13:10:48 +0200},
  Title =        {Pause 'n' {P}lay: Formalizing Asynchronous {C}{\#}},
  Url =          {http://dx.doi.org/10.1007/978-3-642-31057-7_12},
  Year =         2012,
  Bdsk-Url-1 =   {http://dx.doi.org/10.1007/978-3-642-31057-7_12}
}

@inproceedings{DBLP:conf/lfp/Osborne90,
  Author =       {Randy B. Osborne},
  Bibsource =    {dblp computer science bibliography, http://dblp.org},
  Biburl =       {http://dblp.uni-trier.de/rec/bib/conf/lfp/Osborne90},
  Booktitle =    {{LISP} and Functional Programming},
  Date-Added =   {2017-04-07 06:38:17 +0000},
  Date-Modified ={2017-04-07 06:38:17 +0000},
  Doi =          {10.1145/91556.91644},
  Pages =        {198--208},
  Timestamp =    {Mon, 16 Dec 2002 13:22:46 +0100},
  Title =        {Speculative Computation in Multilisp},
  Url =          {http://doi.acm.org/10.1145/91556.91644},
  Year =         1990,
  Bdsk-Url-1 =   {http://doi.acm.org/10.1145/91556.91644},
  Bdsk-Url-2 =   {http://dx.doi.org/10.1145/91556.91644}
}

@inproceedings{Leijen:2009:DTP:1640089.1640106,
  Acmid =        1640106,
  Address =      {New York, NY, USA},
  Author =       {Leijen, Daan and Schulte, Wolfram and Burckhardt, Sebastian},
  Booktitle =    {Proceedings of the 24th ACM SIGPLAN Conference on Object
                  Oriented Programming Systems Languages and Applications},
  Date-Added =   {2017-04-07 06:38:17 +0000},
  Date-Modified ={2017-04-07 06:38:17 +0000},
  Doi =          {10.1145/1640089.1640106},
  Isbn =         {978-1-60558-766-0},
  Keywords =     {domain specific languages, duplicating queue, parallelism,
                  work stealing},
  Location =     {Orlando, Florida, USA},
  Numpages =     16,
  Pages =        {227--242},
  Publisher =    {ACM},
  Series =       {OOPSLA '09},
  Title =        {The Design of a Task Parallel Library},
  Url =          {http://doi.acm.org/10.1145/1640089.1640106},
  Year =         2009,
  Bdsk-Url-1 =   {http://doi.acm.org/10.1145/1640089.1640106},
  Bdsk-Url-2 =   {http://dx.doi.org/10.1145/1640089.1640106}
}

@inproceedings{DBLP:conf/ecoop/ImamS15,
  Author =       {Shams Imam and Vivek Sarkar},
  Bibsource =    {dblp computer science bibliography, http://dblp.org},
  Biburl =       {http://dblp.uni-trier.de/rec/bib/conf/ecoop/ImamS15},
  Booktitle =    {29th European Conference on Object-Oriented Programming,
                  {ECOOP} 2015, July 5-10, 2015, Prague, Czech Republic},
  Crossref =     {DBLP:conf/ecoop/2015},
  Date-Added =   {2017-04-07 06:38:17 +0000},
  Date-Modified ={2017-04-07 06:38:17 +0000},
  Doi =          {10.4230/LIPIcs.ECOOP.2015.421},
  Pages =        {421--444},
  Timestamp =    {Mon, 29 Jun 2015 15:28:15 +0200},
  Title =        {The {E}ureka Programming Model for Speculative Task
                  Parallelism},
  Url =          {http://dx.doi.org/10.4230/LIPIcs.ECOOP.2015.421},
  Year =         2015,
  Bdsk-Url-1 =   {http://dx.doi.org/10.4230/LIPIcs.ECOOP.2015.421}
}

@inproceedings{DBLP:conf/padl/SymePL11,
  Author =       {Don Syme and Tomas Petricek and Dmitry Lomov},
  Bibsource =    {dblp computer science bibliography, http://dblp.org},
  Biburl =       {http://dblp.uni-trier.de/rec/bib/conf/padl/SymePL11},
  Booktitle =    {Practical Aspects of Declarative Languages - 13th
                  International Symposium, {PADL} 2011, Austin, TX, USA, January
                  24-25, 2011. Proceedings},
  Crossref =     {DBLP:conf/padl/2011},
  Date-Added =   {2017-04-07 06:38:17 +0000},
  Date-Modified ={2017-04-07 06:38:17 +0000},
  Doi =          {10.1007/978-3-642-18378-2_15},
  Pages =        {175--189},
  Timestamp =    {Tue, 15 Feb 2011 14:55:14 +0100},
  Title =        {The {F}{\#} Asynchronous Programming Model},
  Url =          {http://dx.doi.org/10.1007/978-3-642-18378-2_15},
  Year =         2011,
  Bdsk-Url-1 =   {http://dx.doi.org/10.1007/978-3-642-18378-2_15}
}

@inproceedings{Kitchin:2009:OPL:1573955.1573957,
  Acmid =        1573957,
  Address =      {Berlin, Heidelberg},
  Author =       {Kitchin, David and Quark, Adrian and Cook, William and Misra,
                  Jayadev},
  Booktitle =    {Proceedings of the Joint 11th IFIP WG 6.1 International
                  Conference FMOODS '09 and 29th IFIP WG 6.1 International
                  Conference FORTE '09 on Formal Techniques for Distributed
                  Systems},
  Date-Added =   {2017-04-07 06:38:17 +0000},
  Date-Modified ={2017-04-07 06:38:17 +0000},
  Doi =          {10.1007/978-3-642-02138-1_1},
  Isbn =         {978-3-642-02137-4},
  Location =     {Lisboa, Portugal},
  Numpages =     25,
  Pages =        {1--25},
  Publisher =    {Springer-Verlag},
  Series =       {FMOODS '09/FORTE '09},
  Title =        {The {O}rc Programming Language},
  Url =          {http://dx.doi.org/10.1007/978-3-642-02138-1_1},
  Year =         2009,
  Bdsk-Url-1 =   {http://dx.doi.org/10.1007/978-3-642-02138-1_1}
}

@inproceedings{DBLP:conf/birthday/ClarkeW16,
  Author =       {Dave Clarke and Tobias Wrigstad},
  Bibsource =    {dblp computer science bibliography, http://dblp.org},
  Biburl =       {http://dblp.uni-trier.de/rec/bib/conf/birthday/ClarkeW16},
  Booktitle =    {Theory and Practice of Formal Methods -- Essays Dedicated to
                  Frank de Boer on the Occasion of His 60th Birthday},
  Date-Added =   {2017-04-07 06:38:17 +0000},
  Date-Modified ={2017-04-07 06:38:17 +0000},
  Doi =          {10.1007/978-3-319-30734-3_11},
  Editor =       {Erika {\'{A}}brah{\'{a}}m and Marcello M. Bonsangue and Einar
                  Broch Johnsen},
  Pages =        {140--154},
  Publisher =    {Springer},
  Series =       {Lecture Notes in Computer Science},
  Timestamp =    {Mon, 14 Mar 2016 11:32:48 +0100},
  Title =        {Vats: {A} Safe, Reactive Storage Abstraction},
  Url =          {http://dx.doi.org/10.1007/978-3-319-30734-3_11},
  Volume =       9660,
  Year =         2016,
  Bdsk-Url-1 =   {http://dx.doi.org/10.1007/978-3-319-30734-3_11}
}

@inproceedings{5161079,
  Author =       {Yi Guo and Barik, R. and Raman, R. and Sarkar, V.},
  Booktitle =    {Parallel Distributed Processing, 2009. IPDPS 2009. IEEE
                  International Symposium on},
  Date-Added =   {2017-04-07 06:38:17 +0000},
  Date-Modified ={2017-04-07 06:38:17 +0000},
  Doi =          {10.1109/IPDPS.2009.5161079},
  Issn =         {1530-2075},
  Keywords =     {parallel programming;scheduling;task
                  analysis;Chapel;Cilk;Fortress;Intel Thread Building
                  Blocks;Java Concurrency Utilities;Microsoft Task Parallel
                  Library;OpenMP 3.0;X10;async-finish task parallelism;compiler
                  support;dynamic spawn-sync parallelism;dynamic task
                  parallelism;help-first scheduling policies;multicore
                  processor;programming model;shared-address-space parallel
                  computing;work stealing;work-first scheduling
                  policies;Concurrent computing;Dynamic
                  programming;Java;Libraries;Multicore processing;Parallel
                  processing;Parallel programming;Processor
                  scheduling;Scheduling algorithm;Yarn},
  Month =        {May},
  Pages =        {1-12},
  Title =        {Work-first and help-first scheduling policies for async-finish
                  task parallelism},
  Year =         2009,
  Bdsk-Url-1 =   {http://dx.doi.org/10.1109/IPDPS.2009.5161079}
}

@article{DBLP:journals/entcs/KiselyovS07,
  Author =       {Oleg Kiselyov and Chung{-}chieh Shan},
  Bibsource =    {dblp computer science bibliography, http://dblp.org},
  Biburl =       {http://dblp.uni-trier.de/rec/bib/journals/entcs/KiselyovS07},
  Doi =          {10.1016/j.entcs.2006.10.039},
  Journal =      {Electr. Notes Theor. Comput. Sci.},
  Number =       7,
  Pages =        {79--104},
  Timestamp =    {Fri, 21 Sep 2007 12:20:06 +0200},
  Title =        {Lightweight Static Capabilities},
  Url =          {http://dx.doi.org/10.1016/j.entcs.2006.10.039},
  Volume =       174,
  Year =         2007,
  Bdsk-Url-1 =   {http://dx.doi.org/10.1016/j.entcs.2006.10.039}
}

@proceedings{DBLP:conf/lics/1990,
  Bibsource =    {dblp computer science bibliography, http://dblp.org},
  Biburl =       {http://dblp.uni-trier.de/rec/bib/conf/lics/1990},
  Isbn =         {0-8186-2073-0},
  Publisher =    {{IEEE} Computer Society},
  Timestamp =    {Fri, 21 Nov 2014 14:08:55 +0100},
  Title =        {Proceedings of the Fifth Annual Symposium on Logic in Computer
                  Science {(LICS} '90), Philadelphia, Pennsylvania, USA, June
                  4-7, 1990},
  Url =
                  {http://ieeexplore.ieee.org/xpl/mostRecentIssue.jsp?punumber=305},
  Year =         1990,
  Bdsk-Url-1 =
                  {http://ieeexplore.ieee.org/xpl/mostRecentIssue.jsp?punumber=305}
}

@proceedings{DBLP:conf/pldi/2010,
  Bibsource =    {dblp computer science bibliography, http://dblp.org},
  Biburl =       {http://dblp.uni-trier.de/rec/bib/conf/pldi/2010},
  Editor =       {Benjamin G. Zorn and Alexander Aiken},
  Isbn =         {978-1-4503-0019-3},
  Publisher =    {{ACM}},
  Timestamp =    {Mon, 07 Jun 2010 09:26:41 +0200},
  Title =        {Proceedings of the 2010 {ACM} {SIGPLAN} Conference on
                  Programming Language Design and Implementation, {PLDI} 2010,
                  Toronto, Ontario, Canada, June 5-10, 2010},
  Year =         2010
}

@inproceedings{castegren_et_al:LIPIcs:2016:6099,
  Address =      {Dagstuhl, Germany},
  Annote =       {Keywords: Type systems, Capabilities, Traits, Concurrency,
                  Object-Oriented},
  Author =       {Elias Castegren and Tobias Wrigstad},
  Booktitle =    {30th European Conference on Object-Oriented Programming (ECOOP
                  2016)},
  Doi =          {10.4230/LIPIcs.ECOOP.2016.5},
  Editor =       {Shriram Krishnamurthi and Benjamin S. Lerner},
  Isbn =         {978-3-95977-014-9},
  Issn =         {1868-8969},
  Pages =        {5:1--5:26},
  Publisher =    {Schloss Dagstuhl--Leibniz-Zentrum fuer Informatik},
  Series =       {Leibniz International Proceedings in Informatics (LIPIcs)},
  Title =        {{Reference Capabilities for Concurrency Control}},
  Url =          {http://drops.dagstuhl.de/opus/volltexte/2016/6099},
  Urn =          {urn:nbn:de:0030-drops-60998},
  Volume =       56,
  Year =         2016,
  Bdsk-Url-1 =   {http://drops.dagstuhl.de/opus/volltexte/2016/6099},
  Bdsk-Url-2 =   {http://dx.doi.org/10.4230/LIPIcs.ECOOP.2016.5}
}

@inproceedings{DBLP:conf/oopsla/HallerL16,
  Author =       {Philipp Haller and Alexander Loiko},
  Bibsource =    {dblp computer science bibliography, http://dblp.org},
  Biburl =       {http://dblp.uni-trier.de/rec/bib/conf/oopsla/HallerL16},
  Booktitle =    {Proceedings of the 2016 {ACM} {SIGPLAN} International
                  Conference on Object-Oriented Programming, Systems, Languages,
                  and Applications, {OOPSLA} 2016, part of {SPLASH} 2016,
                  Amsterdam, The Netherlands, October 30 - November 4, 2016},
  Crossref =     {DBLP:conf/oopsla/2016},
  Doi =          {10.1145/2983990.2984042},
  Pages =        {272--291},
  Timestamp =    {Tue, 25 Oct 2016 15:23:23 +0200},
  Title =        {LaCasa: lightweight affinity and object capabilities in Scala},
  Url =          {http://doi.acm.org/10.1145/2983990.2984042},
  Year =         2016,
  Bdsk-Url-1 =   {http://doi.acm.org/10.1145/2983990.2984042},
  Bdsk-Url-2 =   {http://dx.doi.org/10.1145/2983990.2984042}
}

@proceedings{DBLP:conf/oopsla/2016,
  Bibsource =    {dblp computer science bibliography, http://dblp.org},
  Biburl =       {http://dblp.uni-trier.de/rec/bib/conf/oopsla/2016},
  Doi =          {10.1145/2983990},
  Editor =       {Eelco Visser and Yannis Smaragdakis},
  Isbn =         {978-1-4503-4444-9},
  Publisher =    {{ACM}},
  Timestamp =    {Tue, 25 Oct 2016 15:06:14 +0200},
  Title =        {Proceedings of the 2016 {ACM} {SIGPLAN} International
                  Conference on Object-Oriented Programming, Systems, Languages,
                  and Applications, {OOPSLA} 2016, part of {SPLASH} 2016,
                  Amsterdam, The Netherlands, October 30 - November 4, 2016},
  Url =          {http://doi.acm.org/10.1145/2983990},
  Year =         2016,
  Bdsk-Url-1 =   {http://doi.acm.org/10.1145/2983990},
  Bdsk-Url-2 =   {http://dx.doi.org/10.1145/2983990}
}

@article{DBLP:journals/tc/Burton85,
  Author =       {F. Warren Burton},
  Bibsource =    {dblp computer science bibliography, http://dblp.org},
  Biburl =       {http://dblp.uni-trier.de/rec/bib/journals/tc/Burton85},
  Doi =          {10.1109/TC.1985.6312218},
  Journal =      {{IEEE} Trans. Computers},
  Number =       12,
  Pages =        {1190--1193},
  Timestamp =    {Tue, 22 Dec 2015 15:14:06 +0100},
  Title =        {Speculative Computation, Parallelism, and Functional
                  Programming},
  Url =          {http://dx.doi.org/10.1109/TC.1985.6312218},
  Volume =       34,
  Year =         1985,
  Bdsk-Url-1 =   {http://dx.doi.org/10.1109/TC.1985.6312218}
}

@proceedings{DBLP:conf/oopsla/2012,
  Bibsource =    {dblp computer science bibliography, http://dblp.org},
  Biburl =       {http://dblp.uni-trier.de/rec/bib/conf/oopsla/2012},
  Editor =       {Gary T. Leavens and Matthew B. Dwyer},
  Isbn =         {978-1-4503-1561-6},
  Publisher =    {{ACM}},
  Timestamp =    {Tue, 23 Oct 2012 08:06:36 +0200},
  Title =        {Proceedings of the 27th Annual {ACM} {SIGPLAN} Conference on
                  Object-Oriented Programming, Systems, Languages, and
                  Applications, {OOPSLA} 2012, part of {SPLASH} 2012, Tucson,
                  AZ, USA, October 21-25, 2012},
  Url =          {http://dl.acm.org/citation.cfm?id=2384616},
  Year =         2012,
  Bdsk-Url-1 =   {http://dl.acm.org/citation.cfm?id=2384616}
}

@proceedings{DBLP:conf/esop/1992,
  editor =       {Bernd Krieg{-}Br{\"{u}}ckner},
  title =        {{ESOP} '92, 4th European Symposium on Programming, Rennes,
                  France, February 26-28, 1992, Proceedings},
  series =       {Lecture Notes in Computer Science},
  volume =       582,
  publisher =    {Springer},
  year =         1992,
  isbn =         {3-540-55253-7},
  timestamp =    {Wed, 17 Apr 2002 09:38:10 +0200},
  biburl =       {http://dblp.uni-trier.de/rec/bib/conf/esop/1992},
  bibsource =    {dblp computer science bibliography, http://dblp.org}
}

@proceedings{DBLP:conf/agere/2015,
  Bibsource =    {dblp computer science bibliography, http://dblp.org},
  Biburl =       {http://dblp.uni-trier.de/rec/bib/conf/agere/2015},
  Doi =          {10.1145/2824815},
  Editor =       {Elisa Gonzalez Boix and Philipp Haller and Alessandro Ricci
                  and Carlos Varela},
  Isbn =         {978-1-4503-3901-8},
  Publisher =    {{ACM}},
  Timestamp =    {Tue, 03 Nov 2015 15:26:34 +0100},
  Title =        {Proceedings of the 5th International Workshop on Programming
                  Based on Actors, Agents, and Decentralized Control, AGERE!
                  2015, Pittsburgh, PA, USA, October 26, 2015},
  Url =          {http://doi.acm.org/10.1145/2824815},
  Year =         2015,
  Bdsk-Url-1 =   {http://doi.acm.org/10.1145/2824815},
  Bdsk-Url-2 =   {http://dx.doi.org/10.1145/2824815}
}

@proceedings{DBLP:conf/cc/2016,
  editor =       {Ayal Zaks and Manuel V. Hermenegildo},
  title =        {Proceedings of the 25th International Conference on Compiler
                  Construction, {CC} 2016, Barcelona, Spain, March 12-18, 2016},
  publisher =    {{ACM}},
  year =         2016,
  url =          {http://dl.acm.org/citation.cfm?id=2892208},
  isbn =         {978-1-4503-4241-4},
  timestamp =    {Wed, 09 Mar 2016 08:03:50 +0100},
  biburl =       {http://dblp.uni-trier.de/rec/bib/conf/cc/2016},
  bibsource =    {dblp computer science bibliography, http://dblp.org}
}

@proceedings{DBLP:conf/sfm/2015,
  editor =       {Marco Bernardo and Einar Broch Johnsen},
  title =        {Formal Methods for Multicore Programming - 15th International
                  School on Formal Methods for the Design of Computer,
                  Communication, and Software Systems, {SFM} 2015, Bertinoro,
                  Italy, June 15-19, 2015, Advanced Lectures},
  series =       {Lecture Notes in Computer Science},
  volume =       9104,
  publisher =    {Springer},
  year =         2015,
  url =          {http://dx.doi.org/10.1007/978-3-319-18941-3},
  doi =          {10.1007/978-3-319-18941-3},
  isbn =         {978-3-319-18940-6},
  timestamp =    {Thu, 30 Jul 2015 12:51:08 +0200},
  biburl =       {http://dblp.uni-trier.de/rec/bib/conf/sfm/2015},
  bibsource =    {dblp computer science bibliography, http://dblp.org}
}

@proceedings{DBLP:conf/oopsla/2011,
  editor =       {Cristina Videira Lopes and Kathleen Fisher},
  title =        {Proceedings of the 26th Annual {ACM} {SIGPLAN} Conference on
                  Object-Oriented Programming, Systems, Languages, and
                  Applications, {OOPSLA} 2011, part of {SPLASH} 2011, Portland,
                  OR, USA, October 22 - 27, 2011},
  publisher =    {{ACM}},
  year =         2011,
  isbn =         {978-1-4503-0940-0},
  timestamp =    {Tue, 25 Oct 2011 20:30:27 +0200},
  biburl =       {http://dblp.uni-trier.de/rec/bib/conf/oopsla/2011},
  bibsource =    {dblp computer science bibliography, http://dblp.org}
}

@proceedings{DBLP:conf/oopsla/2013,
  editor =       {Antony L. Hosking and Patrick Th. Eugster and Cristina
                  V. Lopes},
  title =        {Proceedings of the 2013 {ACM} {SIGPLAN} International
                  Conference on Object Oriented Programming Systems Languages
                  {\&} Applications, {OOPSLA} 2013, part of {SPLASH} 2013,
                  Indianapolis, IN, USA, October 26-31, 2013},
  publisher =    {{ACM}},
  year =         2013,
  url =          {http://dl.acm.org/citation.cfm?id=2509136},
  isbn =         {978-1-4503-2374-1},
  timestamp =    {Fri, 25 Oct 2013 08:46:20 +0200},
  biburl =       {http://dblp.uni-trier.de/rec/bib/conf/oopsla/2013},
  bibsource =    {dblp computer science bibliography, http://dblp.org}
}
